
@article{lawvere,
  doi = {10.32408/compositionality-2-1},
  url = {https://doi.org/10.32408/compositionality-2-1},
  title = {Distributive laws for {L}awvere theories},
  author = {Cheng, Eugenia},
  journal = {{Compositionality}},
  issn = {2631-4444},
  publisher = {{Compositionality}},
  volume = {2},
  issue = {1},
  month = may,
  year = {2020}
}


@mastersthesis{cole,
  author = {Comfort, Cole},
  year = {2019},
  title = {Classifying Reversible Logic Gates with Ancillary
  Bits},
  school = {University of Calgary},
  url = {http://pages.cpsc.ucalgary.ca/~robin/Theses/ucalgary_2019_comfort_cole.pdf}
}


@article{pcat,
  title = {Categories of partial maps},
  journal = {Information and Computation},
  volume = {79},
  number = {2},
  pages = {95-130},
  year = {1988},
  issn = {0890-5401},
  doi = {https://doi.org/10.1016/0890-5401(88)90034-X},
  url = {https://www.sciencedirect.com/science/article/pii/089054018890034X},
  author = {Robinson, Edmund and Rosolini, Giuseppe},
}

@mastersthesis{herrmann,
  author = {Herrmann, Michael},
  title = {Models of multipartite
  entanglement},
  school = {University of Oxford},
  year = {2010},
  url = {http://www.cs.ox.ac.uk/people/bob.coecke/Michael.pdf},
}

@article{zh,
  doi = {10.4204/eptcs.287.2},
  url = {https://doi.org/10.4204/eptcs.287.2},
  year = {2019},
  month = jan,
  publisher = {Open Publishing Association},
  volume = {287},
  pages = {23--42},
  author = {Miriam Backens and Aleks Kissinger},
  title = {{ZH}: A Complete Graphical Calculus for Quantum Computations Involving Classical Non-linearity},
  journal = {Electronic Proceedings in Theoretical Computer Science}
}

@misc{zhpi,
  url = {https://arxiv.org/abs/1904.07545},
  author = {van de Wetering,  John and Wolffs,  Sal},
  title = {Completeness of the Phase-free ZH-calculus},
  publisher = {arXiv},
  year = {2019},
}


@article{munson2019note,
  doi = {10.4204/eptcs.340.12},
  url = {https://doi.org/10.4204/eptcs.340.12},
  year = {2021},
  month = sep,
  publisher = {Open Publishing Association},
  volume = {340},
  pages = {230--255},
  author = {Munson, Anthony and Coecke, Bob and Wang, Quanlong},
  title = {{AND}-gates in {ZX}-calculus: Spider Nest Identities and {QBC}-completeness},
  journal = {Electronic Proceedings in Theoretical Computer Science}
}

@misc{ringZX,
Author = {Quanlong Wang},
Title = {Completeness of algebraic ZX-calculus over arbitrary commutative rings and semirings},
Year = {2019},
Eprint = {arXiv:1912.01003},
}

@inproceedings{zxstar,
  author =	{Titouan Carette and Emmanuel Jeandel},
  title =	{A Recipe for Quantum Graphical Languages},
  booktitle =	{47th International Colloquium on Automata, Languages, and Programming (ICALP 2020)},
  pages =	{118:1--118:17},
  series =	{Leibniz International Proceedings in Informatics (LIPIcs)},
  ISBN =	{978-3-95977-138-2},
  ISSN =	{1868-8969},
  year =	{2020},
  volume =	{168},
  editor =	{Artur Czumaj and Anuj Dawar and Emanuela Merelli},
  publisher =	{Schloss Dagstuhl--Leibniz-Zentrum f{\"u}r Informatik},
  address =	{Dagstuhl, Germany},
  URL =		{https://drops.dagstuhl.de/opus/volltexte/2020/12525},
  doi =		{10.4230/LIPIcs.ICALP.2020.118},
}

@article{restiii,
  doi = {10.1017/s0960129507006056},
  url = {https://arxiv.org/pdf/math/0610500.pdf},
  year = {2007},
  month = aug,
  publisher = {Cambridge University Press ({CUP})},
  volume = {17},
  number = {4},
  pages = {775--817},
  author = {Cocket, Robin and  Lack, Steve},
  title = {Restriction categories {III}: colimits,  partial limits and extensivity},
  journal = {Mathematical Structures in Computer Science}
}

@article{coecke2016categories,
  doi = {10.1007/s11128-014-0837-4},
  url = {https://arxiv.org/pdf/1305.3821.pdf},
  year = {2014},
  month = {oct},
  publisher = {Springer Science and Business Media {LLC}},
  volume = {15},
  number = {12},
  pages = {5179--5209},
  author = {Coecke, Bob and Heunen, Chris and Kissinger, Aleks},
  title = {Categories of quantum and classical channels},
  journal = {Quantum Information Processing}
}


@article{coecke2016pictures,
  doi = {10.1016/j.ic.2016.02.007},
  url = {https://arxiv.org/pdf/1110.3055.pdf},
  year = {2016},
  month = oct,
  publisher = {Elsevier {BV}},
  volume = {250},
  pages = {50--58},
  author = {Bob Coecke and Chris Heunen},
  title = {Pictures of complete positivity in arbitrary dimension},
  journal = {Information and Computation}
}

@incollection{coecke2010environment,
  doi = {10.1007/978-3-642-15205-4_20},
  url = {https://arxiv.org/pdf/1004.1598.pdf},
  year = {2010},
  publisher = {Springer Berlin Heidelberg},
  pages = {230--244},
  author = {Bob Coecke and Simon Perdrix},
  title = {Environment and Classical Channels in Categorical Quantum Mechanics},
  booktitle = {Computer Science Logic}
}

@article{tof,
  doi = {10.4204/eptcs.287.4},
  url = {https://doi.org/10.4204/eptcs.287.4},
  year = {2019},
  month = jan,
  publisher = {Open Publishing Association},
  volume = {287},
  pages = {67--84},
  author = {J.R.B. Cockett and Cole Comfort},
  title = {The Category {TOF}},
  journal = {Electronic Proceedings in Theoretical Computer Science}
}

@misc{butz,
  author        = {Butz, Carsten},
  title         = {Regular Categories and Regular Logic},
  month         = {oct},
  year          = {1998},
  journal = {Basic Research in Computer Science},
 volume = {2},
 url = {https://www.brics.dk/LS/98/2/BRICS-LS-98-2.pdf}
}

@article{carboni,
  doi = {10.1016/0022-4049(87)90121-6},
  url = {https://doi.org/10.1016/0022-4049(87)90121-6},
  year = {1987},
  month = nov,
  publisher = {Elsevier {BV}},
  volume = {49},
  number = {1-2},
  pages = {11--32},
  author = {A. Carboni and R.F.C. Walters},
  title = {Cartesian bicategories I},
  journal = {Journal of Pure and Applied Algebra}
}

@article{rosebrugh,
  doi = {10.1016/s0022-4049(02)00140-8},
  url = {https://www.mta.ca/~rrosebru/articles/fac.pdf},
  year = {2002},
  month = nov,
  publisher = {Elsevier {BV}},
  volume = {175},
  number = {1-3},
  pages = {327--353},
  author = {Robert Rosebrugh and R.J. Wood},
  title = {Distributive laws and factorization},
  journal = {Journal of Pure and Applied Algebra}
}

@article{functorial,
  author  = {Bonchi, Filippo and Pavlovic, Dusko and Soboci\'nski, Pawe\l},
  title   = {Functorial Semantics for Relational Theories},
  journal = {arXiv preprint arXiv:1711.08699},
  url     = {https://arxiv.org/pdf/1711.08699.pdf},
  year    = {2017},
}

@article{cnot,
  title     = "The Category {CNOT}",
  author    = "Cockett, Robin and Comfort, Cole and Srinivasan, Priyaa",
  journal   = "Electron. Proc. Theor. Comput. Sci.",
  publisher = "Open Publishing Association",
  volume    =  266,
  pages     = "258--293",
  month     =  feb,
  year      =  2018
}

@article{natspiders,
  doi = {10.4204/eptcs.340.3},
  url = {https://arxiv.org/pdf/2004.06455.pdf},
  year = {2021},
  month = sep,
  publisher = {Open Publishing Association},
  volume = {340},
  pages = {46--59},
  author = {Niel de Beaudrap and Aleks Kissinger and Konstantinos Meichanetzidis},
  title = {Tensor Network Rewriting Strategies for Satisfiability and Counting},
  journal = {Electronic Proceedings in Theoretical Computer Science}
}












@incollection{bonchi,
  doi = {10.1007/978-3-319-40370-0_3},
  url = {https://doi.org/10.1007/978-3-319-40370-0_3},
  year = {2016},
  publisher = {Springer International Publishing},
  pages = {11--32},
  author = {Bonchi, Filippo and Soboci{\'n}ski, Pawe{\l} and Zanasi, Fabio},
  title = {Lawvere Categories as Composed {PROPs}},
  booktitle = {Coalgebraic Methods in Computer Science}
}

@article{lack,
  url = {http://www.tac.mta.ca/tac/volumes/13/9/13-09.pdf},
  year = {2004},
  title = {Composing props},
  journal = {Theory and Applications of Categories},
  author = {Lack, Steve},
  volume = {13},
  number = {9},
  pages = {147-163},
}

@article{bruni,
title = {Some algebraic laws for spans (and their connections with multirelations)},
journal = {Electronic Notes in Theoretical Computer Science},
volume = {44},
number = {3},
pages = {175-193},
year = {2003},
note = {RelMiS 2001, Relational Methods in Software (a Satellite Event of ETAPS 2001)},
issn = {1571-0661},
doi = {https://doi.org/10.1016/S1571-0661(04)80937-X},
url = {https://www.sciencedirect.com/science/article/pii/S157106610480937X},
author = {Bruni, Roberto and Gadducci, Fabio},
}

@article{lafont,
title = {Towards an algebraic theory of Boolean circuits},
journal = {Journal of Pure and Applied Algebra},
volume = {184},
number = {2},
pages = {257-310},
year = {2003},
issn = {0022-4049},
doi = {https://doi.org/10.1016/S0022-4049(03)00069-0},
url = {https://www.sciencedirect.com/science/article/pii/S0022404903000690},
author = {Lafont, Yves},
}

@article{cockett,
title = {Restriction categories I: categories of partial maps},
journal = {Theoretical Computer Science},
volume = {270},
number = {1},
pages = {223-259},
year = {2002},
issn = {0304-3975},
doi = {https://doi.org/10.1016/S0304-3975(00)00382-0},
url = {https://www.sciencedirect.com/science/article/pii/S0304397500003820},
author = { Cockett, J.R.B. and Lack, Steve},
}

@incollection{toffolireversible,
  doi = {10.1007/3-540-10003-2_104},
  url = {https://doi.org/10.1007/3-540-10003-2_104},
  year = {1980},
  publisher = {Springer Berlin Heidelberg},
  pages = {632--644},
  author = {Tommaso Toffoli},
  title = {Reversible computing},
  booktitle = {Automata,  Languages and Programming}
}

@inproceedings{iwama,
  author={Iwama, K. and Kambayashi, Y. and Yamashita, S.},
  booktitle={Proceedings 2002 Design Automation Conference (IEEE Cat. No.02CH37324)}, 
  title={Transformation rules for designing CNOT-based quantum circuits}, 
  year={2002},
  volume={},
  number={},
  pages={419-424},
  doi={10.1109/DAC.2002.1012662}}

@inproceedings{zxa,
 author    = {Comfort, Cole},
  year      = {2021},
  title     = {The ZX\&-calculus: A complete graphical calculus for classical circuits using spiders},
  editor    = {Valiron, Beno\^it and Mansfield, Shane and Arrighi, Pablo and Panangaden, Prakash},
  booktitle = {{\rm Proceedings 17th International Conference on}
               Quantum Physics and Logic,
               {\rm Paris, France, June 2 - 6, 2020}},
  series    = {Electronic Proceedings in Theoretical Computer Science},
  volume    = {340},
  publisher = {Open Publishing Association},
  pages     = {60-90},
  doi       = {10.4204/EPTCS.340.4},
}


@article{structured,
  url = {http://www.tac.mta.ca/tac/volumes/35/48/35-48.pdf},
  year = {2020},
  title = {Structured cospans
},
  journal = {Theory and Applications of Categories},
  author = {Baez, John C. and Courser, Kenny},
  volume = {35},
  number = {48},
  pages = {1771-1822},
}

@phdthesis{giles,
  doi = {10.11575/PRISM/24917},
  url = {https://prism.ucalgary.ca/handle/11023/1941},
  school={University of Calgary},
  author = {Giles,  Brett},
  title = {An investigation of some theoretical aspects of reversible computing},
  year = {2014}
}

@inproceedings{duncan,
author = {Duncan, Ross and Dunne, Kevin},
title = {Interacting Frobenius Algebras Are Hopf},
year = {2016},
isbn = {9781450343916},
publisher = {Association for Computing Machinery},
address = {New York, NY, USA},
url = {https://doi.org/10.1145/2933575.2934550},
doi = {10.1145/2933575.2934550},
booktitle = {Proceedings of the 31st Annual ACM/IEEE Symposium on Logic in Computer Science},
pages = {535–544},
numpages = {10},
location = {New York, NY, USA},
series = {LICS '16}
}

@phdthesis{piedeleu,
  url = {https://www.ora.ox.ac.uk/objects/uuid:cd021f28-bb43-4aa1-8cde-7d81d4e202e9},
  school={University of Oxford},
  author = {Piedeleu,  Robin},
  title = {Picturing resources in concurrency},
  year = {2018}
}

@article{shende,
  author={Shende, V.V. and Prasad, A.K. and Markov, I.L. and Hayes, J.P.},
  journal={IEEE Transactions on Computer-Aided Design of Integrated Circuits and Systems}, 
  title={Synthesis of reversible logic circuits}, 
  year={2003},
  volume={22},
  number={6},
  pages={710-722},
  doi={10.1109/TCAD.2003.811448},
  url={https://arxiv.org/pdf/quant-ph/0207001.pdf}
}









@book{pqp,
	Author = {Coecke, Bob and Kissinger, Aleks},
	Publisher = {Cambridge University Press},
	Title = {Picturing Quantum Processes: A First Course in Quantum Theory and Diagrammatic Reasoning},
	Year = {2017},
	doi = {10.1017/9781316219317}
}



@book{cqm1,
    author = {Coecke, Bob and Kissinger, Aleks},
    isbn = {9780198748991},
    title = "{Categorical Quantum Mechanics I: Causal Quantum Processes}",
    booktitle = "{Categories for the Working Philosopher}",
    publisher = {Oxford University Press},
    year = {2017},
    month = {11},
    doi = {10.1093/oso/9780198748991.003.0012},
  url={https://arxiv.org/pdf/1510.05468.pdf}
}





@misc{ortho,
  title = {Graphical Linear Algebra: Orthogonality and projections},
  author={Soboci{\'n}ski, Pawe{\l}},
  year={2017},
  url = {https://graphicallinearalgebra.net/2017/08/09/orthogonality-and-projections/}
}


@article{gross,
  title={Hudson’s theorem for finite-dimensional quantum systems},
  doi={10.1063/1.2393152},
  url={https://arxiv.org/pdf/quant-ph/0602001.pdf},
  author={Gross, David},
  journal={Journal of mathematical physics},
  volume={47},
  number={12},
  pages={122107},
  year={2006},
  publisher={American Institute of Physics}
}


@article{generators,
  title={Stabilizer states and {C}lifford operations for systems of arbitrary dimensions and modular arithmetic},
  doi={10.1103/PhysRevA.71.042315},
  url={https://arxiv.org/pdf/quant-ph/0408190.pdf},
  author={Hostens, Erik and Dehaene, Jeroen and De Moor, Bart},
  journal={Physical Review A},
  volume={71},
  number={4},
  pages={042315},
  year={2005},
  publisher={APS}
}


@article{aaronson,
  title={Improved simulation of stabilizer circuits},
  doi={10.1103/PhysRevA.70.052328},
  url={https://arxiv.org/pdf/quant-ph/0406196.pdf},
  author={Aaronson, Scott and Gottesman, Daniel},
  journal={Physical Review A},
  volume={70},
  number={5},
  pages={052328},
  year={2004},
  publisher={APS}
}

@inproceedings{lagrel,
Author = {Comfort, Cole and Kissinger, Aleks},
Title = {A Graphical Calculus for Lagrangian Relations},
Year = {2021},
Eprint = {arXiv:2105.06244},
}




@inproceedings{affine,
  title={Graphical affine algebra},
  author={Bonchi, Filippo and Piedeleu, Robin and Soboci{\'n}ski, Pawe{\l} and Zanasi, Fabio},
  booktitle={2019 34th Annual ACM/IEEE Symposium on Logic in Computer Science (LICS)},
  pages={1--12},
  year={2019},
  doi={10.1109/LICS.2019.8785877},
  url={http://www.zanasi.com/fabio/files/paperLICS19.pdf},
  organization={IEEE}
}

@article{passive,
  title={A compositional framework for passive linear networks},
  author={Baez, John C. and Fong, Brendan},
  journal={Theory and Applications of Categories},
  pages={pp 1158-1222},
  url={http://www.tac.mta.ca/tac/volumes/33/38/33-38.pdf},
  volume={33},
  number={38},
  year={2018}
}

@article{gec,
  doi = {10.48550/ARXIV.2106.07763},
  url = {https://arxiv.org/pdf/2106.07763.pdf},
  author = {Boisseau,  Guillaume and Soboci{\'n}ski, Pawe{\l} },
  keywords = {Logic in Computer Science (cs.LO),  FOS: Computer and information sciences,  FOS: Computer and information sciences,  18M30},
  title = {String Diagrammatic Electrical Circuit Theory},
  publisher = {arXiv},
  year = {2021},
  copyright = {Creative Commons Attribution 4.0 International}
}


@article{spekkens,
  title={Evidence for the epistemic view of quantum states: A toy theory},
  author={Spekkens, Robert W.},
  journal={Physical Review A},
  volume={75},
  number={3},
  pages={032110},
  year={2007},
  doi={10.1103/PhysRevA.75.032110},
  url={https://arxiv.org/pdf/quant-ph/0401052.pdf},
  publisher={APS}
}

@article{catani,
  title={Spekkens’ toy model in all dimensions and its relationship with stabiliser quantum mechanics},
  author={Catani, Lorenzo and Browne, Dan},
  journal={New Journal of Physics},
  volume={19},
  number={7},
  pages={073035},
  doi = {10.1088/1367-2630/aa781c},
  year={2017},
  url={https://iopscience.iop.org/article/10.1088/1367-2630/aa781c/pdf},
  publisher={IOP Publishing}
}


@article{cpm,
  title={Dagger compact closed categories and completely positive maps},
  author={Selinger, Peter},
  doi={10.1016/j.entcs.2006.12.018},
  url={https://mathstat.dal.ca/~selinger/papers/dagger.pdf},
  journal={Electronic Notes in Theoretical computer science},
  volume={170},
  pages={139--163},
  year={2007},
  publisher={Elsevier}
}

@phdthesis{ih,
  title={Interacting {H}opf Algebras: the theory of linear systems},
  author={Zanasi, Fabio},
  school={Universit\'e de Lyon},
  url={https://discovery.ucl.ac.uk/id/eprint/10062538/1/thesis2015%20%281%29.pdf},
  year={2018}
}


@inproceedings{abramsky,
  title={A categorical semantics of quantum protocols},
  author={Abramsky, Samson and Coecke, Bob},
  booktitle={Proceedings of the 19th Annual IEEE Symposium on Logic in Computer Science, 2004.},
  pages={415--425},
  year={2004},
  doi={10.1109/LICS.2004.1319636},
  url={https://arxiv.org/pdf/quant-ph/0402130.pdf},
  organization={IEEE}
}

@phdthesis{spider,
  title={Frobenius algebra structures in topological quantum field theory and quantum cohomology},
  author={Abrams, Lowell},
  year={1997},
  url={https://home.gwu.edu/~labrams/docs/thesis.pdf},
  school={Johns Hopkins University}
}

@phdthesis{coya,
  title={Circuits, bond graphs, and signal-flow diagrams: A categorical perspective},
  author={Coya, Brandon},
  url={https://arxiv.org/pdf/1805.08290.pdf},
  school={University of California Riverside},
  year={2018}
}


@phdthesis{fong2016algebra,
  title={The algebra of open and interconnected systems},
  url={https://arxiv.org/pdf/1609.05382.pdf},
  author={Fong, Brendan},
  school={University of Oxford},
  year={2016}
}


@phdthesis{ranchin2016alternative,
  title={Alternative theories in quantum foundations},
  author={Ranchin, Andr{\'e}},
  url={https://spiral.imperial.ac.uk/bitstream/10044/1/52462/3/Ranchin-A-2017-PhD-Thesis.pdf},
  year={2016},
  doi={10.25560/52462},
  school={Imperial College London}
}


@inproceedings{ranchin2014depicting,
  doi = {10.4204/eptcs.172.6},
  year = {2014},
  month = dec,
  editor    = {Coecke, Bob and Hasuo Ichiro and Panangaden, Prakash},
  publisher = {Open Publishing Association},
  series    = {Electronic Proceedings in Theoretical Computer Science},
  volume = {172},
  pages = {68--91},
  author = {Andr{\'{e}} Ranchin},
  booktitle = {{\rm Proceedings 14th International Conference on}
               Quantum Physics and Logic,
               {\rm Kyoto University, Japan, 4-6 June 2017}},
  title = {Depicting qudit quantum mechanics and mutually unbiased qudit theories},
  url={https://arxiv.org/pdf/1404.1288.pdf},
  journal = {Electronic Proceedings in Theoretical Computer Science}
}



@article{weinstein,
  title={Symplectic groupoids and {P}oisson manifolds},
  author={Weinstein, Alan},
  journal={Bulletin of the American mathematical Society},
  volume={16},
  number={1},
  doi={10.1090/S0273-0979-1987-15473-5},
  url={https://www.projecteuclid.org/journals/bulletin-of-the-american-mathematical-society-new-series/volume-16/issue-1/Symplectic-groupoids-and-Poisson-manifolds/bams/1183553676.full},
  pages={101--104},
  year={1987}
}


@article{control,
  title={Categories in control},
  author={Baez, John C. and Erbele, Jason},
  journal={Theory and Applications of Categories},
  volume={30},
  number={24},
  year={2015},
  url={http://www.tac.mta.ca/tac/volumes/30/24/30-24.pdf},
  pages={836--881}
}

@article{backensspek,
  title={A complete graphical calculus for {S}pekkens’ toy bit theory},
  author={Backens, Miriam and Duman, Ali Nabi},
  journal={Foundations of Physics},
  volume={46},
  number={1},
  url={https://arxiv.org/pdf/1411.1618.pdf},
  doi={10.1007/s10701-015-9957-7},
  pages={70--103},
  year={2016},
  publisher={Springer}
}


@article{ihpub,
  title={Interacting {H}opf algebras},
  author={Bonchi, Filippo and Soboci{\'n}ski, Pawe{\l} and Zanasi, Fabio},
  journal={Journal of Pure and Applied Algebra},
  volume={221},
  number={1},
  doi={10.1016/j.jpaa.2016.06.002},
  url={https://arxiv.org/pdf/1403.7048.pdf},
  pages={144--184},
  year={2017},
  publisher={Elsevier}
}

@article{coecke2011phase,
  title={Phase groups and the origin of non-locality for qubits},
  url={https://arxiv.org/pdf/1003.5005.pdf},
  doi={10.1016/j.entcs.2011.01.021},
  author={Coecke, Bob and Edwards, Bill and Spekkens, Robert W.},
  journal={Electronic Notes in Theoretical Computer Science},
  volume={270},
  number={2},
  pages={15--36},
  year={2011},
  publisher={Elsevier}
}

@incollection{spekkens2016quasi,
  title={Quasi-quantization: classical statistical theories with an epistemic restriction},
  author={Spekkens, Robert W.},
  doi={10.1007/978-94-017-7303-4},
  url={https://arxiv.org/pdf/1409.5041.pdf},
  booktitle={Quantum Theory: Informational Foundations and Foils},
  pages={83--135},
  year={2016},
  publisher={Springer}
}


@article{niel,
author = {De Beaudrap, Niel},
title = {A Linearized Stabilizer Formalism for Systems of Finite Dimension},
year = {2013},
issue_date = {January 2013},
publisher = {Rinton Press, Incorporated},
address = {Paramus, NJ},
volume = {13},
number = {1–2},
url={https://arxiv.org/pdf/1102.3354.pdf},
issn = {1533-7146},
journal = {Quantum Info. Comput.},
month = jan,
pages = {73–115},
numpages = {43},
doi={10.26421/QIC13.1-2-6},
keywords = {clifford group, symplectic group, logspace complexity, stabilizer formalism}
}


@article{niklas,
  title={Quantum simulation logic, oracles, and the quantum advantage},
  author={Johansson, Niklas and Larsson, Jan-Ake},
  journal={Entropy},
  doi={10.3390/e21080800},
  volume={21},
  number={8},
  pages={800},
  year={2019},
  publisher={Multidisciplinary Digital Publishing Institute}
}

@article{distzx,
  title={Distributive Laws, Spans and the {ZX}-Calculus},
  author={Comfort, Cole},
  journal={arXiv preprint},
  url={https://arxiv.org/pdf/2102.04386.pdf},
  year={2021}
}

@Inproceedings{qutrit,
  author    = {Wang, Quanlong},
  year      = {2018},
  url={https://arxiv.org/pdf/1803.00696.pdf},
  title     = {Qutrit {ZX}-calculus is Complete for Stabilizer Quantum Mechanics},
  editor    = {Coecke, Bob and Kissinger, Aleks},
  booktitle = {{\rm Proceedings 14th International Conference on}
               Quantum Physics and Logic,
               {\rm Nijmegen, The Netherlands, 3-7 July 2017}},
  series    = {Electronic Proceedings in Theoretical Computer Science},
  volume    = {266},
  publisher = {Open Publishing Association},
  pages     = {58-70},
  doi       = {10.4204/EPTCS.266.3},
}


@inproceedings{coecke2008interacting,
  title={Interacting quantum observables},
  doi={10.1007/978-3-540-70583-3\_25},
  url={https://arxiv.org/pdf/0906.4725.pdf},
  author={Coecke, Bob and Duncan, Ross},
  booktitle={International Colloquium on Automata, Languages, and Programming},
  pages={298--310},
  year={2008},
  organization={Springer}
}


@article{backensstab,
  title={The {ZX}-calculus is complete for stabilizer quantum mechanics},
  author={Backens, Miriam},
  url={https://arxiv.org/pdf/1307.7025.pdf},
  journal={New Journal of Physics},
  volume={16},
  number={9},
  pages={093021},
  doi={10.1088/1367-2630/16/9/093021},
  year={2014},
  publisher={IOP Publishing}
}

@inproceedings{coecke2012spekkens,
  title={Spekkens’s toy theory as a category of processes},
  author={Coecke, Bob and Edwards, Bill},
  url={https://arxiv.org/pdf/1108.1978.pdf},
  booktitle={Proceedings of Symposia in Applied Mathematics},
  volume={71},
  pages={61--88},
  doi={10.1090/psapm/071},
  year={2012}
}





@article{network,
  title={Props in network theory},
  author={Baez, John C. and Coya, Brandon and Rebro, Franciscus},
  journal={Theory and Applications of Categories},
  volume={33},
  number={25},
  pages={727--783},
  url={http://www.tac.mta.ca/tac/volumes/33/25/33-25.pdf},
  year={2018}
}




@article{disc,
author = {Carette, Titouan and Jeandel, Emmanuel and Perdrix, Simon and Vilmart, Renaud},
title = {Completeness of Graphical Languages for Mixed State Quantum Mechanics},
year = {2021},
issue_date = {December 2021},
publisher = {Association for Computing Machinery},
address = {New York, NY, USA},
volume = {2},
number = {4},
issn = {2643-6809},
url = {https://arxiv.org/pdf/1902.07143.pdf},
doi = {10.1145/3464693},
journal = {ACM Transactions on Quantum Computing},
month = {dec},
articleno = {17},
numpages = {28},
keywords = {category theory, mixed states, categorical quantum mechanics, completely positive maps, Quantum computing}
}


@article{hein2006entanglement,
  place = {NL},
  title = {Entanglement in graph states and its applications},
  volume = {162},
  ISSN = {0074-784X},
  url = {https://arxiv.org/pdf/quant-ph/0602096.pdf},
  DOI = {10.3254/978-1-61499-018-5-115},
  abstractNote = {11. Summary},
  number = {Quantum Computers,  Algorithms and Chaos},
  journal = {Proceedings of the International School of Physics},
  publisher = {IOS Press},
  author={Hein, Marc and D{\"u}r, Wolfgang and Eisert, Jens and Raussendorf, Robert and Nest, M and Briegel, H-J},
  year = {2006},
  pages = {115–218}
}


@inproceedings{duncan2009graph,
  title={Graph states and the necessity of Euler decomposition},
  url={https://arxiv.org/pdf/0902.0500.pdf},
  doi={10.1007/978-3-642-03073-4\_18},
  author={Duncan, Ross and Perdrix, Simon},
  booktitle={Conference on Computability in Europe},
  pages={167--177},
  year={2009},
  organization={Springer}
}
